@misc{TMDb,
  author = {{The Movie Database (TMDb)}},
  title = {{TMDB 5000 movie dataset}},
  howpublished = {\url{https://www.kaggle.com/datasets/tmdb/tmdb-movie-metadata}},
  year = {2017},
  month = {September},
  note = {Accessed on April 7, 2022}
}

@online{Mueller,
  author = {Mueller, Andrew},
  title = {Why Movies Cost So Much to Make},
  year = {2021},
  month = {December},
  url = {https://www.investopedia.com/financial-edge/0611/why-movies-cost-so-much-tomake.aspx#:~:text=Movie%20budgets%20can%20average%20around,and%20special%20effects%2C%20and%20marketing},
  note = {Accessed on April 7, 2022}
}

@misc{Nikhil,
  author = {Apte, N. and Forssell, E. and Sidhwa, A.},
  title = {Predicting Movie Revenue},
  howpublished = {\url{https://cs229.stanford.edu/proj2011/ApteForssellSidhwa-PredictingMovieRevenue.pdf}},
  year = {2021},
  month = {December 16},
  note = {Accessed on April 8, 2022}
}

@misc{Mondal,
  author = {Mondal, R. and Zhang, M. and Lu, C. and Leng, J.},
  title = {Predicting the revenue of the movies based on budget},
  howpublished = {\url{https://github.com/rehan13/DSCI-100-Project-Group25.git}},
  year = {2022},
  note = {Accessed on March 24, 2023}
}